% Found from:
% http://dl.acm.org/citation.cfm?doid=2001576.2001627
@inproceedings{DBLP:conf/gecco/RaffeZL11,
  author    = {William L. Raffe and
               Fabio Zambetta and
               Xiaodong Li},
  title     = {Evolving patch-based terrains for use in video games},
  booktitle = {GECCO},
  year      = {2011},
  pages     = {363-370},
  ee        = {http://doi.acm.org/10.1145/2001576.2001627},
  crossref  = {DBLP:conf/gecco/2011},
  bibsource = {DBLP, http://dblp.uni-trier.de}
}
@proceedings{DBLP:conf/gecco/2011,
  editor    = {Natalio Krasnogor and
               Pier Luca Lanzi},
  title     = {13th Annual Genetic and Evolutionary Computation Conference,
               GECCO 2011, Proceedings, Dublin, Ireland, July 12-16, 2011},
  booktitle = {GECCO},
  publisher = {ACM},
  year      = {2011},
  isbn      = {978-1-4503-0557-0},
  bibsource = {DBLP, http://dblp.uni-trier.de}
}


% From from:
% http://ieeexplore.ieee.org/xpls/abs_all.jsp?arnumber=5585913&tag=1
@inproceedings{DBLP:conf/cec/WalshG10,
  author    = {Paul Walsh and
               Prasad Gade},
  title     = {Terrain generation using an Interactive Genetic Algorithm},
  booktitle = {IEEE Congress on Evolutionary Computation},
  year      = {2010},
  pages     = {1-7},
  ee        = {http://dx.doi.org/10.1109/CEC.2010.5585913},
  crossref  = {DBLP:conf/cec/2010},
  bibsource = {DBLP, http://dblp.uni-trier.de}
}
@proceedings{DBLP:conf/cec/2010,
  title     = {Proceedings of the IEEE Congress on Evolutionary Computation,
               CEC 2010, Barcelona, Spain, 18-23 July 2010},
  booktitle = {IEEE Congress on Evolutionary Computation},
  publisher = {IEEE},
  year      = {2010},
  bibsource = {DBLP, http://dblp.uni-trier.de}
}


% From here                                     
% http://ieeexplore.ieee.org/xpls/abs_all.jsp?arnumber=5949808
@inproceedings{DBLP:conf/cec/WalshG11,
  author    = {Paul Walsh and
               Prasad Gade},
  title     = {The use of an aesthetic measure for the evolution of fractal
               landscapes},
  booktitle = {IEEE Congress on Evolutionary Computation},
  year      = {2011},
  pages     = {1613-1619},
  ee        = {http://dx.doi.org/10.1109/CEC.2011.5949808},
  bibsource = {DBLP, http://dblp.uni-trier.de}
}
@proceedings{DBLP:conf/cec/2011,
  title     = {Proceedings of the IEEE Congress on Evolutionary Computation,
               CEC 2011, New Orleans, LA, USA, 5-8 June, 2011},
  booktitle = {IEEE Congress on Evolutionary Computation},
  publisher = {IEEE},
  year      = {2011},
  isbn      = {978-1-4244-7834-7},
  ee        = {http://ieeexplore.ieee.org/xpl/mostRecentIssue.jsp?punumber=5936494},
  bibsource = {DBLP, http://dblp.uni-trier.de}
}


% From here:
% http://ieeexplore.ieee.org/xpls/abs_all.jsp?arnumber=5955375
@inproceedings{DBLP:conf/3dim/MathiasMWG11,
  author    = {Markus Mathias and
               Andelo Martinovic and
               Julien Weissenberg and
               Luc J. Van Gool},
  title     = {Procedural 3D Building Reconstruction Using Shape Grammars
               and Detectors},
  booktitle = {3DIMPVT},
  year      = {2011},
  pages     = {304-311},
  ee        = {http://dx.doi.org/10.1109/3DIMPVT.2011.45},
  crossref  = {DBLP:conf/3dim/2011},
  bibsource = {DBLP, http://dblp.uni-trier.de}
}
@proceedings{DBLP:conf/3dim/2011,
  editor    = {Michael Goesele and
               Yasuyuki Matsushita and
               Ryusuke Sagawa and
               Ruigang Yang},
  title     = {International Conference on 3D Imaging, Modeling, Processing,
               Visualization and Transmission, 3DIMPVT 2011, Hangzhou,
               China, 16-19 May 2011},
  booktitle = {3DIMPVT},
  publisher = {IEEE},
  year      = {2011},
  ee        = {http://ieeexplore.ieee.org/xpl/mostRecentIssue.jsp?punumber=5954013},
  bibsource = {DBLP, http://dblp.uni-trier.de}
}


% From here:
% http://ieeexplore.ieee.org/xpls/abs_all.jsp?arnumber=5648340
@article{DBLP:journals/tciaig/SmithWMTMC11,
  author    = {Gillian Smith and
               Jim Whitehead and
               Michael Mateas and
               Mike Treanor and
               Jameka March and
               Mee Cha},
  title     = {Launchpad: A Rhythm-Based Level Generator for 2-D Platformers},
  journal   = {IEEE Trans. Comput. Intellig. and AI in Games},
  volume    = {3},
  number    = {1},
  year      = {2011},
  pages     = {1-16},
  ee        = {http://dx.doi.org/10.1109/TCIAIG.2010.2095855},
  bibsource = {DBLP, http://dblp.uni-trier.de}
}


% From here:
% http://ieeexplore.ieee.org/xpls/abs_all.jsp?arnumber=5742785
@article{DBLP:journals/tciaig/AshlockLM11,
  author    = {Daniel Ashlock and
               Colin Lee and
               Cameron McGuinness},
  title     = {Search-Based Procedural Generation of Maze-Like Levels},
  journal   = {IEEE Trans. Comput. Intellig. and AI in Games},
  volume    = {3},
  number    = {3},
  year      = {2011},
  pages     = {260-273},
  ee        = {http://dx.doi.org/10.1109/TCIAIG.2011.2138707},
  bibsource = {DBLP, http://dblp.uni-trier.de}
}


% From here
% http://onlinelibrary.wiley.com/doi/10.1111/j.1467-8659.2011.01864.x/abstract
@article{DBLP:journals/cgf/KrecklauK11,
  author    = {Lars Krecklau and
               Leif Kobbelt},
  title     = {Procedural Modeling of Interconnected Structures},
  journal   = {Comput. Graph. Forum},
  volume    = {30},
  number    = {2},
  year      = {2011},
  pages     = {335-344},
  ee        = {http://dx.doi.org/10.1111/j.1467-8659.2011.01864.x},
  bibsource = {DBLP, http://dblp.uni-trier.de}
}


% From here
% http://ieeexplore.ieee.org/xpls/abs_all.jsp?arnumber=5949707
@inproceedings{DBLP:conf/cec/McGuinnessA11,
  author    = {Cameron McGuinness and
               Daniel Ashlock},
  title     = {Decomposing the level generation problem with tiles},
  booktitle = {IEEE Congress on Evolutionary Computation},
  year      = {2011},
  pages     = {849-856},
  ee        = {http://dx.doi.org/10.1109/CEC.2011.5949707},
  bibsource = {DBLP, http://dblp.uni-trier.de}
}


% From here:
% http://ieeexplore.ieee.org/xpls/abs_all.jsp?arnumber=5749440
@article{DBLP:journals/cim/AshlockLM11,
  author    = {Daniel Ashlock and
               Colin Lee and
               Cameron McGuinness},
  title     = {Simultaneous Dual Level Creation for Games},
  journal   = {IEEE Comp. Int. Mag.},
  volume    = {6},
  number    = {2},
  year      = {2011},
  pages     = {26-37},
  ee        = {http://dx.doi.org/10.1109/MCI.2011.940622},
  bibsource = {DBLP, http://dblp.uni-trier.de}
}


% From here:
% http://dl.acm.org/citation.cfm?doid=2071423.2071433
@inproceedings{DBLP:conf/ACMace/MouratoSB11,
  author    = {Fausto Mourato and
               Manuel Pr{\'o}spero dos Santos and
               Fernando Pedro Birra},
  title     = {Automatic level generation for platform videogames using
               genetic algorithms},
  booktitle = {Advances in Computer Entertainment Technology},
  year      = {2011},
  pages     = {8},
  ee        = {http://doi.acm.org/10.1145/2071423.2071433},
  crossref  = {DBLP:conf/ACMace/2011},
  bibsource = {DBLP, http://dblp.uni-trier.de}
}
@proceedings{DBLP:conf/ACMace/2011,
  editor    = {Teresa Rom{\~a}o and
               Nuno Correia and
               Masahiko Inami and
               Hirokasu Kato and
               Rui Prada and
               Tsutomu Terada and
               A. Eduardo Dias and
               Teresa Chambel},
  title     = {Proceedings of the 8th International Conference on Advances
               in Computer Entertainment Technology, ACE 2011, Lisbon,
               Portugal, November 8-11, 2011},
  booktitle = {Advances in Computer Entertainment Technology},
  publisher = {ACM},
  year      = {2011},
  isbn      = {978-1-4503-0827-4},
  bibsource = {DBLP, http://dblp.uni-trier.de}
}


% From here
% http://ieeexplore.ieee.org/xpls/abs_all.jsp?arnumber=5035629&tag=1
@inproceedings{DBLP:conf/cig/TogeliusS08,
  author    = {Julian Togelius and
               J{\"u}rgen Schmidhuber},
  title     = {An experiment in automatic game design},
  booktitle = {CIG},
  year      = {2008},
  pages     = {111-118},
  ee        = {http://dx.doi.org/10.1109/CIG.2008.5035629},
  crossref  = {DBLP:conf/cig/2008},
  bibsource = {DBLP, http://dblp.uni-trier.de}
}
@proceedings{DBLP:conf/cig/2008,
  editor    = {Philip Hingston and
               Luigi Barone},
  title     = {Proceedings of the 2008 IEEE Symposium on Computational
               Intelligence and Games, CIG 2009, Perth, Australia, 15-18
               December, 2008},
  booktitle = {CIG},
  publisher = {IEEE},
  year      = {2008},
  isbn      = {978-1-4244-2973-8},
  ee        = {http://ieeexplore.ieee.org/xpl/mostRecentIssue.jsp?punumber=4967991},
  bibsource = {DBLP, http://dblp.uni-trier.de}
}


% From here:
% http://ieeexplore.ieee.org/xpls/abs_all.jsp?arnumber=5756645
@article{DBLP:journals/tciaig/TogeliusYSB11,
  author    = {Julian Togelius and
               Georgios N. Yannakakis and
               Kenneth O. Stanley and
               Cameron Browne},
  title     = {Search-Based Procedural Content Generation: A Taxonomy and
               Survey},
  journal   = {IEEE Trans. Comput. Intellig. and AI in Games},
  volume    = {3},
  number    = {3},
  year      = {2011},
  pages     = {172-186},
  ee        = {http://dx.doi.org/10.1109/TCIAIG.2011.2148116},
  bibsource = {DBLP, http://dblp.uni-trier.de}
}


% From here:
% http://dl.acm.org/citation.cfm?id=1814260
@inproceedings{Smith:2010:AER:1814256.1814260,
 author = {Smith, Gillian and Whitehead, Jim},
 title = {Analyzing the expressive range of a level generator},
 booktitle = {Proceedings of the 2010 Workshop on Procedural Content Generation in Games},
 series = {PCGames '10},
 year = {2010},
 isbn = {978-1-4503-0023-0},
 location = {Monterey, California},
 pages = {4:1--4:7},
 articleno = {4},
 numpages = {7},
 url = {http://doi.acm.org/10.1145/1814256.1814260},
 doi = {http://doi.acm.org/10.1145/1814256.1814260},
 acmid = {1814260},
 publisher = {ACM},
 address = {New York, NY, USA},
 keywords = {evaluation methods, expressive range, procedural level generation},
} 


% From here:
% http://dl.acm.org/citation.cfm?id=1401858
@inproceedings{Smith:2008:FAP:1401843.1401858,
 author = {Smith, Gillian and Cha, Mee and Whitehead, Jim},
 title = {A framework for analysis of 2D platformer levels},
 booktitle = {Proceedings of the 2008 ACM SIGGRAPH symposium on Video games},
 series = {Sandbox '08},
 year = {2008},
 isbn = {978-1-60558-173-6},
 location = {Los Angeles, California},
 pages = {75--80},
 numpages = {6},
 url = {http://doi.acm.org/10.1145/1401843.1401858},
 doi = {http://doi.acm.org/10.1145/1401843.1401858},
 acmid = {1401858},
 publisher = {ACM},
 address = {New York, NY, USA},
 keywords = {game analysis, game design, level design, platform games},
} 


% From here:
% http://ieeexplore.ieee.org/xpls/abs_all.jsp?arnumber=5593333&tag=1
@inproceedings{DBLP:conf/cig/MawhorterM10,
  author    = {Peter A. Mawhorter and
               Michael Mateas},
  title     = {Procedural level generation using occupancy-regulated extension},
  booktitle = {CIG},
  year      = {2010},
  pages     = {351-358},
  ee        = {http://doi.ieeecomputersociety.org/10.1109/ITW.2010.5593333},
  crossref  = {DBLP:conf/cig/2010},
  bibsource = {DBLP, http://dblp.uni-trier.de}
}
@proceedings{DBLP:conf/cig/2010,
  editor    = {Georgios N. Yannakakis and
               Julian Togelius},
  title     = {Proceedings of the 2010 IEEE Conference on Computational
               Intelligence and Games, CIG 2010, Copenhagen, Denmark, 18-21
               August, 2010},
  booktitle = {CIG},
  publisher = {IEEE},
  year      = {2010},
  isbn      = {978-1-4244-6295-7},
  ee        = {http://ieeexplore.ieee.org/xpl/mostRecentIssue.jsp?punumber=5581175},
  bibsource = {DBLP, http://dblp.uni-trier.de}
}

% From here:
% http://dl.acm.org/citation.cfm?id=604490
@inproceedings{DBLP:conf/graphite/GreuterPSL03,
  author    = {Stefan Greuter and
               Jeremy Parker and
               Nigel Stewart and
               Geoff Leach},
  title     = {Real-time procedural generation of `pseudo infinite' cities},
  booktitle = {GRAPHITE},
  year      = {2003},
  pages     = {87-94},
  ee        = {http://doi.acm.org/10.1145/604471.604490},
  crossref  = {DBLP:conf/graphite/2003},
  bibsource = {DBLP, http://dblp.uni-trier.de}
}
@proceedings{DBLP:conf/graphite/2003,
  editor    = {Matt Adcock and
               Ian Gwilt and
               Yong Tsui Lee},
  title     = {Proceedings of the 1st International Conference on Computer
               Graphics and Interactive Techniques in Australasia and Southeast
               Asia 2003, Melbourne, Australia, February 11-14, 2003},
  booktitle = {GRAPHITE},
  publisher = {ACM},
  year      = {2003},
  isbn      = {1-58113-578-5},
  bibsource = {DBLP, http://dblp.uni-trier.de}
}

% From here:
% http://dl.acm.org/citation.cfm?id=1183342
@inproceedings{Hahn:2006:PRB:1183316.1183342,
 author = {Hahn, Evan and Bose, Prosenjit and Whitehead, Anthony},
 title = {Persistent realtime building interior generation},
 booktitle = {Proceedings of the 2006 ACM SIGGRAPH symposium on Videogames},
 series = {Sandbox '06},
 year = {2006},
 isbn = {1-59593-386-7},
 location = {Boston, Massachusetts},
 pages = {179--186},
 numpages = {8},
 url = {http://doi.acm.org/10.1145/1183316.1183342},
 doi = {http://doi.acm.org/10.1145/1183316.1183342},
 acmid = {1183342},
 publisher = {ACM},
 address = {New York, NY, USA},
 keywords = {architecture, modelling, persistence, procedural generation, realtime, sandbox games, video games},
} 

% From here:
% http://www.sciencedirect.com/science/article/pii/S1524070300905289
@article{Tolani2000353,
title = "Real-Time Inverse Kinematics Techniques for Anthropomorphic Limbs",
journal = "Graphical Models",
volume = "62",
number = "5",
pages = "353 - 388",
year = "2000",
note = "",
issn = "1524-0703",
doi = "10.1006/gmod.2000.0528",
url = "http://www.sciencedirect.com/science/article/pii/S1524070300905289",
author = "Deepak Tolani and Ambarish Goswami and Norman I. Badler"
}

% From here:
% http://dl.acm.org/citation.cfm?id=383292
@inproceedings{Parish:2001:PMC:383259.383292,
 author = {Parish, Yoav I. H. and M\"{u}ller, Pascal},
 title = {Procedural modeling of cities},
 booktitle = {Proceedings of the 28th annual conference on Computer graphics and interactive techniques},
 series = {SIGGRAPH '01},
 year = {2001},
 isbn = {1-58113-374-X},
 pages = {301--308},
 numpages = {8},
 url = {http://doi.acm.org/10.1145/383259.383292},
 doi = {http://doi.acm.org/10.1145/383259.383292},
 acmid = {383292},
 publisher = {ACM},
 address = {New York, NY, USA},
 keywords = {L-system, architecture, developmental models, modeling, software design, urban development},
} 

% From here:
% scholar.google.com
@inproceedings{DBLP:conf/aiide/ComptonM06,
  author    = {Kate Compton and
               Michael Mateas},
  title     = {Procedural Level Design for Platform Games},
  booktitle = {AIIDE},
  year      = {2006},
  pages     = {109-111},
  crossref  = {DBLP:conf/aiide/2006},
  bibsource = {DBLP, http://dblp.uni-trier.de}
}
@proceedings{DBLP:conf/aiide/2006,
  editor    = {John E. Laird and
               Jonathan Schaeffer},
  title     = {Proceedings of the Second Artificial Intelligence and Interactive
               Digital Entertainment Conference, June 20-23, 2006, Marina
               del Rey, California},
  booktitle = {AIIDE},
  publisher = {The AAAI Press},
  year      = {2006},
  isbn      = {978-1-57735-235-8},
  bibsource = {DBLP, http://dblp.uni-trier.de}
}

% From here:
% scholar.google.com
@inproceedings{DBLP:conf/aiide/ShakerYT10,
  author    = {Noor Shaker and
               Georgios N. Yannakakis and
               Julian Togelius},
  title     = {Towards Automatic Personalized Content Generation for Platform
               Games},
  booktitle = {AIIDE},
  year      = {2010},
  ee        = {http://aaai.org/ocs/index.php/AIIDE/AIIDE10/paper/view/2135},
  crossref  = {DBLP:conf/aiide/2010},
  bibsource = {DBLP, http://dblp.uni-trier.de}
}
@proceedings{DBLP:conf/aiide/2010,
  editor    = {G. Michael Youngblood and
               Vadim Bulitko},
  title     = {Proceedings of the Sixth AAAI Conference on Artificial Intelligence
               and Interactive Digital Entertainment, AIIDE 2010, October
               11-13, 2010, Stanford, California, USA},
  booktitle = {AIIDE},
  publisher = {The AAAI Press},
  year      = {2010},
  bibsource = {DBLP, http://dblp.uni-trier.de}
}

@article{Nitsche-CaseStudy,
	location = {http://www.scientificcommons.org/43348323},
	title = {Designing Procedural Game Spaces: A Case Study},
	author = {Michael Nitsche and Robert Fitzpatrick},
	year = {2008},
	keywords = {architecture, game},
	abstract = {Procedural content generation holds many promises for the design, art, and production of video games. It also poses a number of challenges. This paper concentrates on the procedural generation of game spaces. We specifically argue for a connection of a player’s agency with the procedural world generation. First, space generation in games is broken down into four main approaches: designercreated, random, player-created, and procedural spaces. Then, the paper introduces our experimental game prototype Charbitat that merges these four stages and provides a practical case study. Charbitat generates game worlds based on the gaming style of its players, who create the world as they play it. We describe how the project met the challenges in design and implementation. Finally, we point out new questions opened up by the project and relevant for procedural content generation.},
	url = {http://citeseerx.ist.psu.edu/viewdoc/summary?doi=10.1.1.72.589},
	institution = {CiteSeerX - Scientific Literature Digital Library and Search Engine [http://citeseerx.ist.psu.edu/oai2] (United States)},
}

% From here:
% http://www.springerlink.com/content/g118h6366297m251/
@incollection {springerlink:10.1007/lee1,
   author = {Lee, Sangkyung and Jung, Keechul},
   affiliation = {HCI Lab., School of Media, College of Information Science, Soongsil University, Seoul South Korea South Korea},
   title = {Dynamic Game Level Design Using Gaussian Mixture Model},
   booktitle = {PRICAI 2006: Trends in Artificial Intelligence},
   series = {Lecture Notes in Computer Science},
   editor = {Yang, Qiang and Webb, Geoff},
   publisher = {Springer Berlin / Heidelberg},
   isbn = {978-3-540-36667-6},
   keyword = {Computer Science},
   pages = {955-959},
   volume = {4099},
   year = {2006}
}

% From here:
% scholar.google.com
@incollection {springerlink:10.1007/togelius1,
   author = {Togelius, Julian and Yannakakis, Georgios and Stanley, Kenneth and Browne, Cameron},
   affiliation = {IT University of Copenhagen, Rued Langaards Vej 7, 2300 Copenhagen, Denmark},
   title = {Search-Based Procedural Content Generation},
   booktitle = {Applications of Evolutionary Computation},
   series = {Lecture Notes in Computer Science},
   editor = {Di Chio, Cecilia and Cagnoni, Stefano and Cotta, Carlos and Ebner, Marc and Ekárt, Anikó and Esparcia-Alcazar, Anna and Goh, Chi-Keong and Merelo, Juan and Neri, Ferrante and Preuß, Mike and Togelius, Julian and Yannakakis, Georgios},
   publisher = {Springer Berlin / Heidelberg},
   isbn = {978-3-642-12238-5},
   keyword = {Computer Science},
   pages = {141-150},
   volume = {6024},
   year = {2010}
}

% Found here
% scholar.google.com
@inproceedings{DBLP:conf/cig/TogeliusPBWHY10,
  author    = {Julian Togelius and
               Mike Preuss and
               Nicola Beume and
               Simon Wessing and
               Johan Hagelb{\"a}ck and
               Georgios N. Yannakakis},
  title     = {Multiobjective exploration of the StarCraft map space},
  booktitle = {CIG},
  year      = {2010},
  pages     = {265-272},
  ee        = {http://doi.ieeecomputersociety.org/10.1109/ITW.2010.5593346},
  crossref  = {DBLP:conf/cig/2010},
  bibsource = {DBLP, http://dblp.uni-trier.de}
}

% From here:
% scholar.google.com
@inproceedings{DBLP:conf/evoW/SorensonP10,
  author    = {Nathan Sorenson and
               Philippe Pasquier},
  title     = {Towards a Generic Framework for Automated Video Game Level
               Creation},
  booktitle = {EvoApplications (1)},
  year      = {2010},
  pages     = {131-140},
  ee        = {http://dx.doi.org/10.1007/978-3-642-12239-2_14},
  crossref  = {DBLP:conf/evoW/2010a1},
  bibsource = {DBLP, http://dblp.uni-trier.de}
}
@proceedings{DBLP:conf/evoW/2010a1,
  editor    = {Cecilia Di Chio and
               Stefano Cagnoni and
               Carlos Cotta and
               Marc Ebner and
               Anik{\'o} Ek{\'a}rt and
               Anna Esparcia-Alc{\'a}zar and
               Chi Keong Goh and
               Juan J. Merelo Guerv{\'o}s and
               Ferrante Neri and
               Mike Preuss and
               Julian Togelius and
               Georgios N. Yannakakis},
  title     = {Applications of Evolutionary Computation, EvoApplicatons
               2010: EvoCOMPLEX, EvoGAMES, EvoIASP, EvoINTELLIGENCE, EvoNUM,
               and EvoSTOC, Istanbul, Turkey, April 7-9, 2010, Proceedings,
               Part I},
  booktitle = {EvoApplications (1)},
  publisher = {Springer},
  series    = {Lecture Notes in Computer Science},
  volume    = {6024},
  year      = {2010},
  isbn      = {978-3-642-12238-5},
  ee        = {http://dx.doi.org/10.1007/978-3-642-12239-2},
  bibsource = {DBLP, http://dblp.uni-trier.de}
}

% From here:
% scholar.google.com
@article{park_miller,
  author    = {Stephen K. Park and
               Keith W. Miller},
  title     = {Random Number Generators: Good Ones Are Hard to Find},
  journal   = {Commun. ACM},
  volume    = {31},
  number    = {10},
  year      = {1988},
  pages     = {1192-1201},
  ee        = {http://doi.acm.org/10.1145/63039.63042},
  bibsource = {DBLP, http://dblp.uni-trier.de}
}


@inproceedings{katti_coupledCG2, 
author={Katti, R.S. and Kavasseri, R.G.}, 
booktitle={Circuits and Systems, 2008. ISCAS 2008. IEEE International Symposium on}, title={Secure pseudo-random bit sequence generation using coupled linear congruential generators}, 
year={2008}, 
month={may}, 
volume={}, 
number={}, 
pages={2929 -2932}, 
keywords={circuit design;linear congruential generator;pseudorandom numbers;secure pseudorandom bit sequence generation;integrated circuit design;logic design;random number generation;random sequences;}, 
doi={10.1109/ISCAS.2008.4542071}, 
ISSN={},}


@inproceedings{Xu_mlcg, 
author={Xiangzhong Xu and Lijun Pan and Xuehui Yang}, 
booktitle={Natural Computation (ICNC), 2010 Sixth International Conference on}, title={Optimization of Prime Modules Multiplicative Linear Congruential Generators for Genetic Algorithms}, 
year={2010}, 
month={aug.}, 
volume={3}, 
number={}, 
pages={1135 -1139}, 
keywords={bitwise shift method;floating-point arithmetic;genetic algorithms;modulo decomposition method;optimization;prime modules multiplicative linear congruential generators;genetic algorithms;random number generation;}, 
doi={10.1109/ICNC.2010.5583677}, 
ISSN={},}


@inproceedings{Stern_lcgInsecure, 
author={Stern, Jacques}, 
booktitle={Foundations of Computer Science, 1987., 28th Annual Symposium on}, title={Secret linear congruential generators are not cryptographically secure}, 
year={1987}, 
month={oct.}, 
volume={}, 
number={}, 
pages={421 -426}, 
keywords={}, 
doi={10.1109/SFCS.1987.51}, 
ISSN={0272-5428},}


@inproceedings{lecuyer_lcg_k1, 
author={L'Ecuyer, P. and Blouin, F.}, 
booktitle={Simulation Conference Proceedings, 1988 Winter}, title={Linear congruential generators of order K$>$1}, 
year={1988}, 
month={dec}, 
volume={}, 
number={}, 
pages={432 -439}, 
keywords={}, 
doi={10.1109/WSC.1988.716197}, 
ISSN={},}


@article{lecuyer_tables,
  author    = {Pierre L'Ecuyer},
  title     = {Tables of linear congruential generators of different sizes
               and good lattice structure},
  journal   = {Math. Comput.},
  volume    = {68},
  number    = {225},
  year      = {1999},
  pages     = {249-260},
  ee        = {http://dx.doi.org/10.1090/S0025-5718-99-00996-5},
  bibsource = {DBLP, http://dblp.uni-trier.de}
}



@inproceedings{frieze_lcg, 
  author={Frieze, A.M. and Kannan, R. and Lagarias, J.C.}, 
  booktitle={Foundations of Computer Science, 1984. 25th Annual Symposium on},
  title={Linear Congruential Generators Do Not Produce Random Sequences}, 
  year={1984}, 
  month={oct}, 
  volume={}, 
  number={}, 
  pages={ 480 - 484}, 
  keywords={}, 
  doi={10.1109/SFCS.1984.715950}, 
  ISSN={0272-5428}
}


@article{burgess_messerschmitt, 
author={Burgess, N. and Lever, K.V.}, 
journal={Computers and Digital Techniques, IEE Proceedings E}, title={Fast linear congruential pseudorandom number generators using the Messerschmitt pipelining transformation}, 
year={1992}, 
month={mar}, 
volume={139}, 
number={2}, 
pages={ 131 - 133}, 
keywords={ Messerschmitt pipelining transformation; initialisation; linear congruential pseudorandom number generators; multiply iterated LCG; multiply iterated Wichmann-Hill algorithms; pipeline processing; random number generation;}, 
doi={}, 
ISSN={0143-7062},}


@inproceedings{wang_review, 
author={Miao Wang and Feng Guo and Hongshan Qu and Song Li}, 
booktitle={Communication Software and Networks (ICCSN), 2011 IEEE 3rd International Conference on}, title={Combined random number generators: A review}, 
year={2011}, 
month={may}, 
volume={}, 
number={}, 
pages={443 -447}, 
keywords={Chinese remainder theorem;L' Ecuyer's combined linear congruential generator;Wichmann-Hill's combined linear congruential generator;combined random number on generator;twisting and combing method;random number generation;}, 
doi={10.1109/ICCSN.2011.6014760}, 
ISSN={},}


@article{downing_proposal, 
author={Downing, C.P.}, 
journal={Electronics Letters}, title={Proposal for a digital pseudorandom number generator}, 
year={1984}, 
month={24}, 
volume={20}, 
number={11}, 
pages={435 -436}, 
keywords={advantages;bit-slice computers;digital hardware implementation;digital pseudorandom number generator;linear congruential sequence generator;long period;low serial correlation;rectangularly distributed;shift add multiplication;binary sequences;bit-slice computers;combinatorial circuits;random number generation;}, 
doi={10.1049/el:19840302}, 
ISSN={0013-5194},}


@inproceedings{hamid_lcgSecurity, 
author={Hamid, A. and Alam, M.M. and Choong Seon Hong}, 
booktitle={Advanced Communication Technology, The 9th International Conference on}, title={Developing a Security Protocol based on LCG and Orthogonal Matrices for Wireless Sensor Networks}, 
year={2007}, 
month={feb.}, 
volume={3}, 
number={}, 
pages={1511 -1514}, 
keywords={LCG;linear congruential generator;orthogonal matrices;pseudo-random number;secure data aggregation protocol;security protocol;wireless sensor networks;cryptographic protocols;matrix algebra;telecommunication security;wireless sensor networks;}, 
doi={10.1109/ICACT.2007.358654}, 
ISSN={1738-9445},}


@inproceedings{yu_random, 
author={Yu, T.L. and Yu, K.W.}, 
booktitle={Frontiers of Massively Parallel Computation, 1990. Proceedings., 3rd Symposium on the}, title={Random number generators with inherent parallel properties}, 
year={1990}, 
month={oct}, 
volume={}, 
number={}, 
pages={34 -37}, 
keywords={linear congruential random-number generator;one-dimensional array of numbers;parallel properties;spatial variable;spectral tests;statistical tests;random number generation;}, 
doi={10.1109/FMPC.1990.89433}, 
ISSN={},}


@inproceedings{li_ooRandom, 
author={Guang Li and Xiangzhong Xu}, 
booktitle={Communication Software and Networks (ICCSN), 2011 IEEE 3rd International Conference on}, title={An object-oriented high-performance pseudorandom number generator package for analysis simulation}, 
year={2011}, 
month={may}, 
volume={}, 
number={}, 
pages={250 -253}, 
keywords={C runtime library;C++ language;C++ runtime library;CPMMLCG complexity;Viz. modulus operator;analysis simulation;combined PMMLCG;component technology;efficiency aspect;fmod function;integer arithmetic;modulo decomposition method;object-oriented high-performance pseudorandom number generator package;parallel simulation;period aspect;prime modulus multiplicative linear congruential generators;robustness aspect;stochastic aspect;C++ language;computational complexity;digital simulation;military computing;object-oriented programming;random number generation;}, 
doi={10.1109/ICCSN.2011.6014434}, 
ISSN={},}


@inproceedings{katti_hardwareRandom, 
author={Katti, R.S. and Srinivasan, S.K.}, 
booktitle={Circuits and Systems, 2009. ISCAS 2009. IEEE International Symposium on}, title={Efficient hardware implementation of a new pseudo-random bit sequence generator}, 
year={2009}, 
month={may}, 
volume={}, 
number={}, 
pages={1393 -1396}, 
keywords={VHDL;blum-blum-shub generator;hardware implementation;linear congruential generator;pseudorandom bit sequence generator;hardware description languages;random number generation;random sequences;}, 
doi={10.1109/ISCAS.2009.5118025}, 
ISSN={},}


@inproceedings{zuckerman_recycle, 
author={Impagliazzo, R. and Zuckerman, D.}, 
booktitle={Foundations of Computer Science, 1989., 30th Annual Symposium on}, title={How to recycle random bits}, 
year={1989}, 
month={oct-1 nov}, 
volume={}, 
number={}, 
pages={248 -253}, 
keywords={BPP algorithm;information-theoretic lower bound;linear congruential generator;linear congruential generators;probabilistic algorithm;pseudorandom generator;random bits;shift register generator;computational complexity;random number generation;}, 
doi={10.1109/SFCS.1989.63486}, 
ISSN={},}


@inproceedings{peng_lcg, 
author={Tao Peng and Xiao-xin Yi and Kun Xu and Lin-feng Hu}, 
booktitle={Communication Technology (ICCT), 2011 IEEE 13th International Conference on}, title={Linear congruential interleaves design for IDMA system}, 
year={2011}, 
month={sept.}, 
volume={}, 
number={}, 
pages={220 -222}, 
keywords={CDMA;IDMA system;interleave division multiple access;linear congruential generator;linear congruential interleaves design;peak basis correlation;random interleavers;code division multiple access;}, 
doi={10.1109/ICCT.2011.6157866}, 
ISSN={},}


@inproceedings{chao_monteCarlo, 
author={Yin Chao}, 
booktitle={Environmental Science and Information Application Technology (ESIAT), 2010 International Conference on}, title={Simulation of the queue system in ticket business based on Monte Carlo method}, 
year={2010}, 
month={july}, 
volume={3}, 
number={}, 
pages={141 -144}, 
keywords={Monte Carlo simulation method;negative exponential random variable;queue system simulation;threshold time;ticket business;Monte Carlo methods;customer services;organisational aspects;queueing theory;stochastic systems;}, 
doi={10.1109/ESIAT.2010.5568979}, 
ISSN={},}


@article{katti_coupledCG, 
author={Katti, R.S. and Kavasseri, R.G. and Sai, V.}, 
journal={Circuits and Systems II: Express Briefs, IEEE Transactions on}, title={Pseudorandom Bit Generation Using Coupled Congruential Generators}, 
year={2010}, 
month={march }, 
volume={57}, 
number={3}, 
pages={203 -207}, 
keywords={NIST pseudorandomness tests;comparative linear congruential generators;dual-coupled linear congruential generators;output bit sequence;positive integers;pseudorandom bit generation;statistical tests;random number generation;statistical testing;}, 
doi={10.1109/TCSII.2010.2041813}, 
ISSN={1549-7747},}


@article{kahaner_uninorm, 
author={David K. Kahaner and Jeffrey Horlick and Debra K. Foer}, 
journal={Micro, IEEE}, title={Mathematical Software in Basic: RV, Generation of Uniform And Normal Random Variables}, 
year={1986}, 
month={june }, 
volume={6}, 
number={3}, 
pages={52 -60}, 
keywords={}, 
doi={10.1109/MM.1986.304678}, 
ISSN={0272-1732},}


@article{BlumBlumShub-1,
  author    = {Lenore Blum and
               Manuel Blum and
               Mike Shub},
  title     = {A Simple Unpredictable Pseudo-Random Number Generator},
  journal   = {SIAM J. Comput.},
  volume    = {15},
  number    = {2},
  year      = {1986},
  pages     = {364-383},
  ee        = {http://dx.doi.org/10.1137/0215025},
  bibsource = {DBLP, http://dblp.uni-trier.de}
}


@inproceedings{BlumBlumShub-2,
  author    = {Lenore Blum and
               Manuel Blum and
               Mike Shub},
  title     = {Comparison of Two Pseudo-Random Number Generators},
  booktitle = {CRYPTO},
  year      = {1982},
  pages     = {61-78},
  crossref  = {DBLP:conf/crypto/1982},
  bibsource = {DBLP, http://dblp.uni-trier.de}
}
@proceedings{DBLP:conf/crypto/1982,
  editor    = {David Chaum and
               Ronald L. Rivest and
               Alan T. Sherman},
  title     = {Advances in Cryptology: Proceedings of CRYPTO '82, Santa
               Barbara, California, USA, August 23-25, 1982},
  booktitle = {CRYPTO},
  publisher = {Plenum Press, New York},
  year      = {1983},
  bibsource = {DBLP, http://dblp.uni-trier.de}
}


@inproceedings{plumstead_predicting,
  author    = {Joan B. Plumstead},
  title     = {Inferring a Sequence Generated by a Linear Congruence},
  booktitle = {FOCS},
  year      = {1982},
  pages     = {153-159},
  ee        = {http://doi.ieeecomputersociety.org/10.1109/SFCS.1982.73},
  crossref  = {DBLP:conf/focs/FOCS23},
  bibsource = {DBLP, http://dblp.uni-trier.de}
}
@proceedings{DBLP:conf/focs/FOCS23,
  title     = {23rd Annual Symposium on Foundations of Computer Science,
               Chicago, Illinois, USA, 3-5 November 1982},
  booktitle = {FOCS},
  publisher = {IEEE Computer Society},
  year      = {1982},
  bibsource = {DBLP, http://dblp.uni-trier.de}
}


@book{Knuth_art2,
  author    = {Donald E. Knuth},
  title     = {The Art of Computer Programming, Volume II: Seminumerical
               Algorithms},
  publisher = {Addison-Wesley},
  year      = {1969},
  bibsource = {DBLP, http://dblp.uni-trier.de}
}


@article{Knuth_decipher,
  author    = {Donald E. Knuth},
  title     = {Deciphering a linear congruential encryption},
  journal   = {IEEE Transactions on Information Theory},
  volume    = {31},
  number    = {1},
  year      = {1985},
  pages     = {49-52},
  ee        = {http://dx.doi.org/10.1109/TIT.1985.1056997},
  bibsource = {DBLP, http://dblp.uni-trier.de}
}

@article{AAJarai,
  author    = {Antal A. J\`arai},
  title     = {The Uniform Spanning Tree and related models},
  journal   = {University of Bath},
  year      = {2009},
  url       = {http://people.bath.ac.uk/aj276/teaching/USF/USFnotes.pdf (Accessed 12th June 2012)}
}


@inproceedings{DBLP:conf/stoc/Wilson96,
  author    = {David Bruce Wilson},
  title     = {Generating Random Spanning Trees More Quickly than the Cover
               Time},
  booktitle = {STOC},
  year      = {1996},
  pages     = {296-303},
  ee        = {http://doi.acm.org/10.1145/237814.237880},
  crossref  = {DBLP:conf/stoc/1996},
  bibsource = {DBLP, http://dblp.uni-trier.de}
}
@proceedings{DBLP:conf/stoc/1996,
  editor    = {Gary L. Miller},
  title     = {Proceedings of the Twenty-Eighth Annual ACM Symposium on
               the Theory of Computing, Philadelphia, Pennsylvania, USA,
               May 22-24, 1996},
  booktitle = {STOC},
  publisher = {ACM},
  year      = {1996},
  isbn      = {0-89791-785-5},
  bibsource = {DBLP, http://dblp.uni-trier.de}
}


@inproceedings{DBLP:conf/focs/Broder89,
  author    = {Andrei Z. Broder},
  title     = {Generating Random Spanning Trees},
  booktitle = {FOCS},
  year      = {1989},
  pages     = {442-447},
  ee        = {http://doi.ieeecomputersociety.org/10.1109/SFCS.1989.63516},
  crossref  = {DBLP:conf/focs/FOCS30},
  bibsource = {DBLP, http://dblp.uni-trier.de}
}
@proceedings{DBLP:conf/focs/FOCS30,
  title     = {30th Annual Symposium on Foundations of Computer Science,
               Research Triangle Park, North Carolina, USA, 30 October
               - 1 November 1989},
  booktitle = {FOCS},
  publisher = {IEEE Computer Society},
  year      = {1989},
  bibsource = {DBLP, http://dblp.uni-trier.de}
}

@article{DBLP:journals/tomacs/MatsumotoN98,
  author    = {Makoto Matsumoto and
               Takuji Nishimura},
  title     = {Mersenne Twister: A 623-Dimensionally Equidistributed Uniform
               Pseudo-Random Number Generator},
  journal   = {ACM Trans. Model. Comput. Simul.},
  volume    = {8},
  number    = {1},
  year      = {1998},
  pages     = {3-30},
  ee        = {http://doi.acm.org/10.1145/272991.272995},
  bibsource = {DBLP, http://dblp.uni-trier.de}
}

@article{DBLP:journals/iacr/MatsumotoNHS05,
  author    = {Makoto Matsumoto and
               Takuji Nishimura and
               Mariko Hagita and
               Mutsuo Saito},
  title     = {CRYPTOGRAPHIC MERSENNE TWISTER AND FUBUKI STREAM/BLOCK CIPHER},
  journal   = {IACR Cryptology ePrint Archive},
  volume    = {2005},
  year      = {2005},
  pages     = {165},
  ee        = {http://eprint.iacr.org/2005/165},
  bibsource = {DBLP, http://dblp.uni-trier.de}
}

@inproceedings{Itan-MonteCarlo, 
	author={Xiang Tian and Benkrid, K.}, 
	booktitle={Adaptive Hardware and Systems, 2009. AHS 2009. NASA/ESA Conference on}, title={Mersenne Twister Random Number Generation on FPGA, CPU and GPU}, 
	year={2009}, 
	month={29 2009-aug. 1}, 
	volume={}, 
	number={}, 
	pages={460 -464}, 
	keywords={CPU;GPU;Mersenne Twister;Xilinx Virtex4 FPGA;field programmable gate arrays;financial computing;multithreading technology;number generator core;random number generation;random number generator;field programmable gate arrays;multi-threading;random number generation;}, 
	doi={10.1109/AHS.2009.11}, 
	ISSN={},
}


@article{DBLP:journals/siamdm/Aldous90,
  author    = {David Aldous},
  title     = {The Random Walk Construction of Uniform Spanning Trees and
               Uniform Labelled Trees},
  journal   = {SIAM J. Discrete Math.},
  volume    = {3},
  number    = {4},
  year      = {1990},
  pages     = {450-465},
  ee        = {http://dx.doi.org/10.1137/0403039},
  bibsource = {DBLP, http://dblp.uni-trier.de}
}


@book{DSAJ-4,
  title={Data Structures And Algorithms in Java},
  author={Goodrich, M.T. and Tamassia, R.},
  isbn={9780471738848},
  lccn={2005282681},
  url={http://books.google.com/books?id=XXCKQgAACAAJ},
  year={2006},
  publisher={Wiley}
}


@article{Prim,
  author    = {Robert C. Prim},
  title     = {Shortest connection networks and some generalizations.},
  journal   = {Bell System Technical Journal},
  number    = {36},
  year      = {1957},
  pages     = {1389–1401}
}

@article{Kruskal,
  author    = {Joseph. B. Kruskal},
  title     = {On the Shortest Spanning Subtree of a Graph and the Traveling Salesman Problem},
  journal   = {Proceedings of the American Mathematical Society},
  volume    = {7},
  number    = {1},
  year      = {1956},
  pages     = {48-50}
}


@article{BVH, 
	author={Klosowski, J.T. and Held, M. and Mitchell, J.S.B. and Sowizral, H. and Zikan, K.}, 
	journal={Visualization and Computer Graphics, IEEE Transactions on},
	title={Efficient collision detection using bounding volume hierarchies of k-DOPs}, 
	year={1998}, 
	month={jan-mar}, 
	volume={4}, 
	number={1}, 
	pages={21 -36}, 
	keywords={BV-trees;bounding volume hierarchies;bounding-volume hierarchies;collision detection;computer graphics;convex polytope;discrete orientation polytope;geometric model;geometric objects;haptic force feedback;k-DOP;moving objects;real-time;virtual reality;visualization;computational geometry;data visualisation;real-time systems;trees (mathematics);user interfaces;virtual reality;}, 
	doi={10.1109/2945.675649}, 
	ISSN={1077-2626},
}



@manual{System.Random,
      title  = ".NET Documentation - Random Class (System)",
      author = "Microsoft",
      year   = "2011",
      note   = "http://msdn.microsoft.com/en-us/library/system.random.aspx (Accessed on the 
      4\textsuperscript{th} of June 2012)"
}
@manual{java.util.Random,
      title  = "Javadoc - Random (Java 2 Platform SE v1.4.2)",
      author = "Oracle",
      year   = "2010",
      note   = "\\ http://docs.oracle.com/javase/1.4.2/docs/api/java/util/Random.html (Accessed on the 
      4\textsuperscript{th} of June 2012)"
}
@manual{ThinkLabyrinth,
      title  = "Think Labyrinth - Maze Algorithms",
      author = "Walter D. Pullen",
      year   = "2011",
      note   = "http://www.astrolog.org/labyrnth/algrithm.htm (Updated on the 24\textsuperscript{th} of January 2011,
      Accessed on the 12\textsuperscript{th} of June 2012)"
}
@manual{JBuck,
      title  = "The Secret Workings of Jamis Buck's Dungeon Generator",
      author = "Jamis Buck",
      year   = "2008",
      note   = "HTML source available on github: \\ https://github.com/jamis/dnd-dungeon/blob/master/doc/dungeon\_design.html"
}
@manual{Roguelike,
      title  = "Roguelike Review - Reviews",
      author = "Travis Emmitt",
      year   = "2011",
      note   = "http://tripalot.com/roguelike/reviews/ (Updated on the 20\textsuperscript{th} of June 2011, Accessed on the 6\textsuperscript{th} of August 2012)"
}