% Found from:
% http://dl.acm.org/citation.cfm?doid=2001576.2001627
@inproceedings{DBLP:conf/gecco/RaffeZL11,
  author    = {William L. Raffe and
               Fabio Zambetta and
               Xiaodong Li},
  title     = {Evolving patch-based terrains for use in video games},
  booktitle = {GECCO},
  year      = {2011},
  pages     = {363-370},
  ee        = {http://doi.acm.org/10.1145/2001576.2001627},
  crossref  = {DBLP:conf/gecco/2011},
  bibsource = {DBLP, http://dblp.uni-trier.de}
}
@proceedings{DBLP:conf/gecco/2011,
  editor    = {Natalio Krasnogor and
               Pier Luca Lanzi},
  title     = {13th Annual Genetic and Evolutionary Computation Conference,
               GECCO 2011, Proceedings, Dublin, Ireland, July 12-16, 2011},
  booktitle = {GECCO},
  publisher = {ACM},
  year      = {2011},
  isbn      = {978-1-4503-0557-0},
  bibsource = {DBLP, http://dblp.uni-trier.de}
}


% From from:
% http://ieeexplore.ieee.org/xpls/abs_all.jsp?arnumber=5585913&tag=1
@inproceedings{DBLP:conf/cec/WalshG10,
  author    = {Paul Walsh and
               Prasad Gade},
  title     = {Terrain generation using an Interactive Genetic Algorithm},
  booktitle = {IEEE Congress on Evolutionary Computation},
  year      = {2010},
  pages     = {1-7},
  ee        = {http://dx.doi.org/10.1109/CEC.2010.5585913},
  crossref  = {DBLP:conf/cec/2010},
  bibsource = {DBLP, http://dblp.uni-trier.de}
}
@proceedings{DBLP:conf/cec/2010,
  title     = {Proceedings of the IEEE Congress on Evolutionary Computation,
               CEC 2010, Barcelona, Spain, 18-23 July 2010},
  booktitle = {IEEE Congress on Evolutionary Computation},
  publisher = {IEEE},
  year      = {2010},
  bibsource = {DBLP, http://dblp.uni-trier.de}
}


% From here                                     
% http://ieeexplore.ieee.org/xpls/abs_all.jsp?arnumber=5949808
@inproceedings{DBLP:conf/cec/WalshG11,
  author    = {Paul Walsh and
               Prasad Gade},
  title     = {The use of an aesthetic measure for the evolution of fractal
               landscapes},
  booktitle = {IEEE Congress on Evolutionary Computation},
  year      = {2011},
  pages     = {1613-1619},
  ee        = {http://dx.doi.org/10.1109/CEC.2011.5949808},
  bibsource = {DBLP, http://dblp.uni-trier.de}
}
@proceedings{DBLP:conf/cec/2011,
  title     = {Proceedings of the IEEE Congress on Evolutionary Computation,
               CEC 2011, New Orleans, LA, USA, 5-8 June, 2011},
  booktitle = {IEEE Congress on Evolutionary Computation},
  publisher = {IEEE},
  year      = {2011},
  isbn      = {978-1-4244-7834-7},
  ee        = {http://ieeexplore.ieee.org/xpl/mostRecentIssue.jsp?punumber=5936494},
  bibsource = {DBLP, http://dblp.uni-trier.de}
}


% From here:
% http://ieeexplore.ieee.org/xpls/abs_all.jsp?arnumber=5955375
@inproceedings{DBLP:conf/3dim/MathiasMWG11,
  author    = {Markus Mathias and
               Andelo Martinovic and
               Julien Weissenberg and
               Luc J. Van Gool},
  title     = {Procedural 3D Building Reconstruction Using Shape Grammars
               and Detectors},
  booktitle = {3DIMPVT},
  year      = {2011},
  pages     = {304-311},
  ee        = {http://dx.doi.org/10.1109/3DIMPVT.2011.45},
  crossref  = {DBLP:conf/3dim/2011},
  bibsource = {DBLP, http://dblp.uni-trier.de}
}
@proceedings{DBLP:conf/3dim/2011,
  editor    = {Michael Goesele and
               Yasuyuki Matsushita and
               Ryusuke Sagawa and
               Ruigang Yang},
  title     = {International Conference on 3D Imaging, Modeling, Processing,
               Visualization and Transmission, 3DIMPVT 2011, Hangzhou,
               China, 16-19 May 2011},
  booktitle = {3DIMPVT},
  publisher = {IEEE},
  year      = {2011},
  ee        = {http://ieeexplore.ieee.org/xpl/mostRecentIssue.jsp?punumber=5954013},
  bibsource = {DBLP, http://dblp.uni-trier.de}
}


% From here:
% http://ieeexplore.ieee.org/xpls/abs_all.jsp?arnumber=5648340
@article{DBLP:journals/tciaig/SmithWMTMC11,
  author    = {Gillian Smith and
               Jim Whitehead and
               Michael Mateas and
               Mike Treanor and
               Jameka March and
               Mee Cha},
  title     = {Launchpad: A Rhythm-Based Level Generator for 2-D Platformers},
  journal   = {IEEE Trans. Comput. Intellig. and AI in Games},
  volume    = {3},
  number    = {1},
  year      = {2011},
  pages     = {1-16},
  ee        = {http://dx.doi.org/10.1109/TCIAIG.2010.2095855},
  bibsource = {DBLP, http://dblp.uni-trier.de}
}


% From here:
% http://ieeexplore.ieee.org/xpls/abs_all.jsp?arnumber=5742785
@article{DBLP:journals/tciaig/AshlockLM11,
  author    = {Daniel Ashlock and
               Colin Lee and
               Cameron McGuinness},
  title     = {Search-Based Procedural Generation of Maze-Like Levels},
  journal   = {IEEE Trans. Comput. Intellig. and AI in Games},
  volume    = {3},
  number    = {3},
  year      = {2011},
  pages     = {260-273},
  ee        = {http://dx.doi.org/10.1109/TCIAIG.2011.2138707},
  bibsource = {DBLP, http://dblp.uni-trier.de}
}


% From here
% http://onlinelibrary.wiley.com/doi/10.1111/j.1467-8659.2011.01864.x/abstract
@article{DBLP:journals/cgf/KrecklauK11,
  author    = {Lars Krecklau and
               Leif Kobbelt},
  title     = {Procedural Modeling of Interconnected Structures},
  journal   = {Comput. Graph. Forum},
  volume    = {30},
  number    = {2},
  year      = {2011},
  pages     = {335-344},
  ee        = {http://dx.doi.org/10.1111/j.1467-8659.2011.01864.x},
  bibsource = {DBLP, http://dblp.uni-trier.de}
}


% From here
% http://ieeexplore.ieee.org/xpls/abs_all.jsp?arnumber=5949707
@inproceedings{DBLP:conf/cec/McGuinnessA11,
  author    = {Cameron McGuinness and
               Daniel Ashlock},
  title     = {Decomposing the level generation problem with tiles},
  booktitle = {IEEE Congress on Evolutionary Computation},
  year      = {2011},
  pages     = {849-856},
  ee        = {http://dx.doi.org/10.1109/CEC.2011.5949707},
  bibsource = {DBLP, http://dblp.uni-trier.de}
}


% From here:
% http://ieeexplore.ieee.org/xpls/abs_all.jsp?arnumber=5749440
@article{DBLP:journals/cim/AshlockLM11,
  author    = {Daniel Ashlock and
               Colin Lee and
               Cameron McGuinness},
  title     = {Simultaneous Dual Level Creation for Games},
  journal   = {IEEE Comp. Int. Mag.},
  volume    = {6},
  number    = {2},
  year      = {2011},
  pages     = {26-37},
  ee        = {http://dx.doi.org/10.1109/MCI.2011.940622},
  bibsource = {DBLP, http://dblp.uni-trier.de}
}


% From here:
% http://dl.acm.org/citation.cfm?doid=2071423.2071433
@inproceedings{DBLP:conf/ACMace/MouratoSB11,
  author    = {Fausto Mourato and
               Manuel Pr{\'o}spero dos Santos and
               Fernando Pedro Birra},
  title     = {Automatic level generation for platform videogames using
               genetic algorithms},
  booktitle = {Advances in Computer Entertainment Technology},
  year      = {2011},
  pages     = {8},
  ee        = {http://doi.acm.org/10.1145/2071423.2071433},
  crossref  = {DBLP:conf/ACMace/2011},
  bibsource = {DBLP, http://dblp.uni-trier.de}
}
@proceedings{DBLP:conf/ACMace/2011,
  editor    = {Teresa Rom{\~a}o and
               Nuno Correia and
               Masahiko Inami and
               Hirokasu Kato and
               Rui Prada and
               Tsutomu Terada and
               A. Eduardo Dias and
               Teresa Chambel},
  title     = {Proceedings of the 8th International Conference on Advances
               in Computer Entertainment Technology, ACE 2011, Lisbon,
               Portugal, November 8-11, 2011},
  booktitle = {Advances in Computer Entertainment Technology},
  publisher = {ACM},
  year      = {2011},
  isbn      = {978-1-4503-0827-4},
  bibsource = {DBLP, http://dblp.uni-trier.de}
}


% From here
% http://ieeexplore.ieee.org/xpls/abs_all.jsp?arnumber=5035629&tag=1
@inproceedings{DBLP:conf/cig/TogeliusS08,
  author    = {Julian Togelius and
               J{\"u}rgen Schmidhuber},
  title     = {An experiment in automatic game design},
  booktitle = {CIG},
  year      = {2008},
  pages     = {111-118},
  ee        = {http://dx.doi.org/10.1109/CIG.2008.5035629},
  crossref  = {DBLP:conf/cig/2008},
  bibsource = {DBLP, http://dblp.uni-trier.de}
}
@proceedings{DBLP:conf/cig/2008,
  editor    = {Philip Hingston and
               Luigi Barone},
  title     = {Proceedings of the 2008 IEEE Symposium on Computational
               Intelligence and Games, CIG 2009, Perth, Australia, 15-18
               December, 2008},
  booktitle = {CIG},
  publisher = {IEEE},
  year      = {2008},
  isbn      = {978-1-4244-2973-8},
  ee        = {http://ieeexplore.ieee.org/xpl/mostRecentIssue.jsp?punumber=4967991},
  bibsource = {DBLP, http://dblp.uni-trier.de}
}


% From here:
% http://ieeexplore.ieee.org/xpls/abs_all.jsp?arnumber=5756645
@article{DBLP:journals/tciaig/TogeliusYSB11,
  author    = {Julian Togelius and
               Georgios N. Yannakakis and
               Kenneth O. Stanley and
               Cameron Browne},
  title     = {Search-Based Procedural Content Generation: A Taxonomy and
               Survey},
  journal   = {IEEE Trans. Comput. Intellig. and AI in Games},
  volume    = {3},
  number    = {3},
  year      = {2011},
  pages     = {172-186},
  ee        = {http://dx.doi.org/10.1109/TCIAIG.2011.2148116},
  bibsource = {DBLP, http://dblp.uni-trier.de}
}


% From here:
% http://dl.acm.org/citation.cfm?id=1814260
@inproceedings{Smith:2010:AER:1814256.1814260,
 author = {Smith, Gillian and Whitehead, Jim},
 title = {Analyzing the expressive range of a level generator},
 booktitle = {Proceedings of the 2010 Workshop on Procedural Content Generation in Games},
 series = {PCGames '10},
 year = {2010},
 isbn = {978-1-4503-0023-0},
 location = {Monterey, California},
 pages = {4:1--4:7},
 articleno = {4},
 numpages = {7},
 url = {http://doi.acm.org/10.1145/1814256.1814260},
 doi = {http://doi.acm.org/10.1145/1814256.1814260},
 acmid = {1814260},
 publisher = {ACM},
 address = {New York, NY, USA},
 keywords = {evaluation methods, expressive range, procedural level generation},
} 


% From here:
% http://dl.acm.org/citation.cfm?id=1401858
@inproceedings{Smith:2008:FAP:1401843.1401858,
 author = {Smith, Gillian and Cha, Mee and Whitehead, Jim},
 title = {A framework for analysis of 2D platformer levels},
 booktitle = {Proceedings of the 2008 ACM SIGGRAPH symposium on Video games},
 series = {Sandbox '08},
 year = {2008},
 isbn = {978-1-60558-173-6},
 location = {Los Angeles, California},
 pages = {75--80},
 numpages = {6},
 url = {http://doi.acm.org/10.1145/1401843.1401858},
 doi = {http://doi.acm.org/10.1145/1401843.1401858},
 acmid = {1401858},
 publisher = {ACM},
 address = {New York, NY, USA},
 keywords = {game analysis, game design, level design, platform games},
} 


% From here:
% http://ieeexplore.ieee.org/xpls/abs_all.jsp?arnumber=5593333&tag=1
@inproceedings{DBLP:conf/cig/MawhorterM10,
  author    = {Peter A. Mawhorter and
               Michael Mateas},
  title     = {Procedural level generation using occupancy-regulated extension},
  booktitle = {CIG},
  year      = {2010},
  pages     = {351-358},
  ee        = {http://doi.ieeecomputersociety.org/10.1109/ITW.2010.5593333},
  crossref  = {DBLP:conf/cig/2010},
  bibsource = {DBLP, http://dblp.uni-trier.de}
}
@proceedings{DBLP:conf/cig/2010,
  editor    = {Georgios N. Yannakakis and
               Julian Togelius},
  title     = {Proceedings of the 2010 IEEE Conference on Computational
               Intelligence and Games, CIG 2010, Copenhagen, Denmark, 18-21
               August, 2010},
  booktitle = {CIG},
  publisher = {IEEE},
  year      = {2010},
  isbn      = {978-1-4244-6295-7},
  ee        = {http://ieeexplore.ieee.org/xpl/mostRecentIssue.jsp?punumber=5581175},
  bibsource = {DBLP, http://dblp.uni-trier.de}
}

% From here:
% http://dl.acm.org/citation.cfm?id=604490
@inproceedings{DBLP:conf/graphite/GreuterPSL03,
  author    = {Stefan Greuter and
               Jeremy Parker and
               Nigel Stewart and
               Geoff Leach},
  title     = {Real-time procedural generation of `pseudo infinite' cities},
  booktitle = {GRAPHITE},
  year      = {2003},
  pages     = {87-94},
  ee        = {http://doi.acm.org/10.1145/604471.604490},
  crossref  = {DBLP:conf/graphite/2003},
  bibsource = {DBLP, http://dblp.uni-trier.de}
}
@proceedings{DBLP:conf/graphite/2003,
  editor    = {Matt Adcock and
               Ian Gwilt and
               Yong Tsui Lee},
  title     = {Proceedings of the 1st International Conference on Computer
               Graphics and Interactive Techniques in Australasia and Southeast
               Asia 2003, Melbourne, Australia, February 11-14, 2003},
  booktitle = {GRAPHITE},
  publisher = {ACM},
  year      = {2003},
  isbn      = {1-58113-578-5},
  bibsource = {DBLP, http://dblp.uni-trier.de}
}

% From here:
% http://dl.acm.org/citation.cfm?id=1183342
@inproceedings{Hahn:2006:PRB:1183316.1183342,
 author = {Hahn, Evan and Bose, Prosenjit and Whitehead, Anthony},
 title = {Persistent realtime building interior generation},
 booktitle = {Proceedings of the 2006 ACM SIGGRAPH symposium on Videogames},
 series = {Sandbox '06},
 year = {2006},
 isbn = {1-59593-386-7},
 location = {Boston, Massachusetts},
 pages = {179--186},
 numpages = {8},
 url = {http://doi.acm.org/10.1145/1183316.1183342},
 doi = {http://doi.acm.org/10.1145/1183316.1183342},
 acmid = {1183342},
 publisher = {ACM},
 address = {New York, NY, USA},
 keywords = {architecture, modelling, persistence, procedural generation, realtime, sandbox games, video games},
} 

% From here:
% http://www.sciencedirect.com/science/article/pii/S1524070300905289
@article{Tolani2000353,
title = "Real-Time Inverse Kinematics Techniques for Anthropomorphic Limbs",
journal = "Graphical Models",
volume = "62",
number = "5",
pages = "353 - 388",
year = "2000",
note = "",
issn = "1524-0703",
doi = "10.1006/gmod.2000.0528",
url = "http://www.sciencedirect.com/science/article/pii/S1524070300905289",
author = "Deepak Tolani and Ambarish Goswami and Norman I. Badler"
}

% From here:
% http://dl.acm.org/citation.cfm?id=383292
@inproceedings{Parish:2001:PMC:383259.383292,
 author = {Parish, Yoav I. H. and M\"{u}ller, Pascal},
 title = {Procedural modeling of cities},
 booktitle = {Proceedings of the 28th annual conference on Computer graphics and interactive techniques},
 series = {SIGGRAPH '01},
 year = {2001},
 isbn = {1-58113-374-X},
 pages = {301--308},
 numpages = {8},
 url = {http://doi.acm.org/10.1145/383259.383292},
 doi = {http://doi.acm.org/10.1145/383259.383292},
 acmid = {383292},
 publisher = {ACM},
 address = {New York, NY, USA},
 keywords = {L-system, architecture, developmental models, modeling, software design, urban development},
} 

% From here:
% scholar.google.com
@inproceedings{DBLP:conf/aiide/ComptonM06,
  author    = {Kate Compton and
               Michael Mateas},
  title     = {Procedural Level Design for Platform Games},
  booktitle = {AIIDE},
  year      = {2006},
  pages     = {109-111},
  crossref  = {DBLP:conf/aiide/2006},
  bibsource = {DBLP, http://dblp.uni-trier.de}
}
@proceedings{DBLP:conf/aiide/2006,
  editor    = {John E. Laird and
               Jonathan Schaeffer},
  title     = {Proceedings of the Second Artificial Intelligence and Interactive
               Digital Entertainment Conference, June 20-23, 2006, Marina
               del Rey, California},
  booktitle = {AIIDE},
  publisher = {The AAAI Press},
  year      = {2006},
  isbn      = {978-1-57735-235-8},
  bibsource = {DBLP, http://dblp.uni-trier.de}
}

% From here:
% scholar.google.com
@inproceedings{DBLP:conf/aiide/ShakerYT10,
  author    = {Noor Shaker and
               Georgios N. Yannakakis and
               Julian Togelius},
  title     = {Towards Automatic Personalized Content Generation for Platform
               Games},
  booktitle = {AIIDE},
  year      = {2010},
  ee        = {http://aaai.org/ocs/index.php/AIIDE/AIIDE10/paper/view/2135},
  crossref  = {DBLP:conf/aiide/2010},
  bibsource = {DBLP, http://dblp.uni-trier.de}
}
@proceedings{DBLP:conf/aiide/2010,
  editor    = {G. Michael Youngblood and
               Vadim Bulitko},
  title     = {Proceedings of the Sixth AAAI Conference on Artificial Intelligence
               and Interactive Digital Entertainment, AIIDE 2010, October
               11-13, 2010, Stanford, California, USA},
  booktitle = {AIIDE},
  publisher = {The AAAI Press},
  year      = {2010},
  bibsource = {DBLP, http://dblp.uni-trier.de}
}

@article{Nitsche-CaseStudy,
	location = {http://www.scientificcommons.org/43348323},
	title = {Designing Procedural Game Spaces: A Case Study},
	author = {Michael Nitsche and Robert Fitzpatrick},
	year = {2008},
	keywords = {architecture, game},
	abstract = {Procedural content generation holds many promises for the design, art, and production of video games. It also poses a number of challenges. This paper concentrates on the procedural generation of game spaces. We specifically argue for a connection of a player’s agency with the procedural world generation. First, space generation in games is broken down into four main approaches: designercreated, random, player-created, and procedural spaces. Then, the paper introduces our experimental game prototype Charbitat that merges these four stages and provides a practical case study. Charbitat generates game worlds based on the gaming style of its players, who create the world as they play it. We describe how the project met the challenges in design and implementation. Finally, we point out new questions opened up by the project and relevant for procedural content generation.},
	url = {http://citeseerx.ist.psu.edu/viewdoc/summary?doi=10.1.1.72.589},
	institution = {CiteSeerX - Scientific Literature Digital Library and Search Engine [http://citeseerx.ist.psu.edu/oai2] (United States)},
}

% From here:
% http://www.springerlink.com/content/g118h6366297m251/
@incollection {springerlink:10.1007/lee1,
   author = {Lee, Sangkyung and Jung, Keechul},
   affiliation = {HCI Lab., School of Media, College of Information Science, Soongsil University, Seoul South Korea South Korea},
   title = {Dynamic Game Level Design Using Gaussian Mixture Model},
   booktitle = {PRICAI 2006: Trends in Artificial Intelligence},
   series = {Lecture Notes in Computer Science},
   editor = {Yang, Qiang and Webb, Geoff},
   publisher = {Springer Berlin / Heidelberg},
   isbn = {978-3-540-36667-6},
   keyword = {Computer Science},
   pages = {955-959},
   volume = {4099},
   year = {2006}
}

% From here:
% scholar.google.com
@incollection {springerlink:10.1007/togelius1,
   author = {Togelius, Julian and Yannakakis, Georgios and Stanley, Kenneth and Browne, Cameron},
   affiliation = {IT University of Copenhagen, Rued Langaards Vej 7, 2300 Copenhagen, Denmark},
   title = {Search-Based Procedural Content Generation},
   booktitle = {Applications of Evolutionary Computation},
   series = {Lecture Notes in Computer Science},
   editor = {Di Chio, Cecilia and Cagnoni, Stefano and Cotta, Carlos and Ebner, Marc and Ekárt, Anikó and Esparcia-Alcazar, Anna and Goh, Chi-Keong and Merelo, Juan and Neri, Ferrante and Preuß, Mike and Togelius, Julian and Yannakakis, Georgios},
   publisher = {Springer Berlin / Heidelberg},
   isbn = {978-3-642-12238-5},
   keyword = {Computer Science},
   pages = {141-150},
   volume = {6024},
   year = {2010}
}

% Found here
% scholar.google.com
@inproceedings{DBLP:conf/cig/TogeliusPBWHY10,
  author    = {Julian Togelius and
               Mike Preuss and
               Nicola Beume and
               Simon Wessing and
               Johan Hagelb{\"a}ck and
               Georgios N. Yannakakis},
  title     = {Multiobjective exploration of the StarCraft map space},
  booktitle = {CIG},
  year      = {2010},
  pages     = {265-272},
  ee        = {http://doi.ieeecomputersociety.org/10.1109/ITW.2010.5593346},
  crossref  = {DBLP:conf/cig/2010},
  bibsource = {DBLP, http://dblp.uni-trier.de}
}

% From here:
% scholar.google.com
@inproceedings{DBLP:conf/evoW/SorensonP10,
  author    = {Nathan Sorenson and
               Philippe Pasquier},
  title     = {Towards a Generic Framework for Automated Video Game Level
               Creation},
  booktitle = {EvoApplications (1)},
  year      = {2010},
  pages     = {131-140},
  ee        = {http://dx.doi.org/10.1007/978-3-642-12239-2_14},
  crossref  = {DBLP:conf/evoW/2010a1},
  bibsource = {DBLP, http://dblp.uni-trier.de}
}
@proceedings{DBLP:conf/evoW/2010a1,
  editor    = {Cecilia Di Chio and
               Stefano Cagnoni and
               Carlos Cotta and
               Marc Ebner and
               Anik{\'o} Ek{\'a}rt and
               Anna Esparcia-Alc{\'a}zar and
               Chi Keong Goh and
               Juan J. Merelo Guerv{\'o}s and
               Ferrante Neri and
               Mike Preuss and
               Julian Togelius and
               Georgios N. Yannakakis},
  title     = {Applications of Evolutionary Computation, EvoApplicatons
               2010: EvoCOMPLEX, EvoGAMES, EvoIASP, EvoINTELLIGENCE, EvoNUM,
               and EvoSTOC, Istanbul, Turkey, April 7-9, 2010, Proceedings,
               Part I},
  booktitle = {EvoApplications (1)},
  publisher = {Springer},
  series    = {Lecture Notes in Computer Science},
  volume    = {6024},
  year      = {2010},
  isbn      = {978-3-642-12238-5},
  ee        = {http://dx.doi.org/10.1007/978-3-642-12239-2},
  bibsource = {DBLP, http://dblp.uni-trier.de}
}
